@article{Wu2014Geographically,
  author    = {Wu, Bo and Li, Rongrong and Huang, Bo},
  title     = {A geographically and temporally weighted autoregressive model with application to housing prices},
  journal   = {International Journal of Geographical Information Science},
  year      = {2014},
  volume    = {28},
  number    = {5},
  pages     = {1186--1204},
  publisher = {Taylor \& Francis},
  doi       = {10.1080/13658816.2013.878463},
  url       = {https://doi.org/10.1080/13658816.2013.878463}
}